@article{qi2020stanza,
  title={Stanza: A Python Natural Language Processing Toolkit for Many Human Languages},
  author={Qi, Peng and Zhang, Yuhao and Zhang, Yuhui and Bolton, Jason and Manning, Christopher D},
  journal={arXiv preprint arXiv:2003.07082},
  year=2020
}

@article{dozat2016deep,
  title={Deep biaffine attention for neural dependency parsing},
  author={Dozat, Timothy and Manning, Christopher D},
  journal={arXiv preprint arXiv:1611.01734},
  year={2016}
}

@inproceedings{schuster2016enhanced,
  title={Enhanced english universal dependencies: An improved representation for natural language understanding tasks},
  author={Schuster, Sebastian and Manning, Christopher D},
  booktitle={Proceedings of the Tenth International Conference on Language Resources and Evaluation (LREC'16)},
  pages={2371--2378},
  year={2016}
}

@inproceedings{mcclosky2011event,
  title={Event extraction as dependency parsing},
  author={McClosky, David and Surdeanu, Mihai and Manning, Christopher D},
  booktitle={Proceedings of the 49th Annual Meeting of the Association for Computational Linguistics: Human Language Technologies-Volume 1},
  pages={1626--1635},
  year={2011},
  organization={Association for Computational Linguistics}
}

@inproceedings{fares20182018,
  title={The 2018 shared task on extrinsic parser evaluation: on the downstream utility of English Universal Dependency Parsers},
  author={Fares, Murhaf and Oepen, Stephan and {\O}vrelid, Lilja and Bj{\"o}rne, Jari and Johansson, Richard},
  booktitle={Proceedings of the CoNLL 2018 Shared Task: Multilingual Parsing from Raw Text to Universal Dependencies},
  pages={22--33},
  year={2018}
}

@inproceedings{EUDparsingST:2020,
	Author = {Gosse Bouma and Djam\'e Seddah and Daniel Zeman},
	Title = {{Overview of the IWPT 2020 Shared Task on Parsing into Enhanced Universal Dependencies} },
	Booktitle = {{Proceedings of the 16th International Conference on Parsing Technologies and the IWPT 2020 Shared Task on Parsing into Enhanced Universal Dependencies}},
	Editor = {Association for Computational Linguistics},
	Month = {July},
	Address = {Seattle, US},
	Year = {2020}}